@article{hsu+cheng,
	title = {Thermal dispersion in a porous medium},
	author = {C. T. Hsu and P. Cheng},
	year = {1990},
	journal = {Int. J. Heat Mass Tran.},
	volume = {33},
	number = {8},
	pages = {1587-1597},
}

@article{whitakerforchheimer,
	title = {The Forchheimer Equation: A Theoretical Development},
	author = {Stephen Whitaker},
	year = {1996},
	journal = {Transport in Porous Media},
	volume = {25},
	pages = {27-61},
}	

@article{whitakerdarcy,
	title = {Flows in Porous Media I: A Theoretical Derivation of Darcy's Law},
	author = {Stephen Whitaker},
	year = {1986},
	journal = {Transport in Porous Media},
	volume = {1},
	pages = {3-25},
}	

@article{guo+zhao,
	title = {Lattice Boltzmann model for incompressible flows through porous media},
	author = {Zhaoli Guo and T. S. Zhao},
	year = {2002},
	journal = {Physical Review E},
	volume = {66},
	number = {036304},
}

@book{lbtextbook,
	title = {The Lattice Boltzmann Method},
	author = {Timm Krüger and Halim Kusumaatmaja and Alexandr Kuzmin and Orest Shardt and Goncalo Silva and Erlend Magnus Viggen},
	year = {2016},
	publisher = {Springer},
}

% @inbook{lbch1,  % A chapter in a book
%     title     = {1. Basics of Hydrodynamics and Kinetic Theory},               % Unique for book
%     pages     = {3--30},                                 % Unique for book
%     crossref  = {lbtextbook}                      % Crossref
% }

% @inbook{lbch2,  % A chapter in a book
%     title     = {2. Numerical Methods for Fluids},               % Unique for book
%     pages     = {31--58},                                 % Unique for book
%     crossref  = {lbtextbook}                      % Crossref
% }

% @inbook{lbch3,  % A chapter in a book
%     title     = {3. The Lattice Boltzmann Equation},               % Unique for book
%     pages     = {61--104},                                 % Unique for book
%     crossref  = {lbtextbook}                      % Crossref
% }

% @inbook{lbch5,  % A chapter in a book
%     title     = {5. Boundary and Initial Conditions},               % Unique for book
%     pages     = {153--230},                                 % Unique for book
%     crossref  = {lbtextbook}                      % Crossref
% }

@article{ouared+chopard,
	title = {Lattice Boltzmann Simulations of Blood Flow: Non-Newtonian Rheology and Clotting Processes},
	author = {Rafik Ouared and Bastien Chopard},
	year = {2005},
	journal = {Journal of Statistical Physics},
	volume = {121},
	number = {1/2},
}

@article{aneurysmstent,
	title = {Characterization of flow reduction properties in an aneurysm due to a stent},
	author = {Miki Hirabayashi and Makoto Ohta and Daniel A. Rüfenacht and Bastien Chopard},
	year = {2003},
	journal = {Physical Review E},
	volume = {68},
	number = {021918},
}

@article{gray,
	title = {A derivation of the equations for multi-phase transport},
	author = {William G. Gray},
	year = {1975},
	journal = {Chemical Engineering Science},
	volume = {30},
	pages = {229-233},
}

@article{mrt,
        author = {d'Humi{\`{e}}res, Dominique  and Ginzburg, Irina  and Krafczyk, Manfred  and Lallemand, Pierre  and Luo, Li-Shi },
        title = {Multiple–relaxation–time lattice Boltzmann models in three dimensions},
        journal = {Philosophical Transactions of the Royal Society of London. Series A: Mathematical, Physical and Engineering Sciences},
        volume = {360},
        number = {1792},
        pages = {437-451},
        year = {2002},
}

@article{thrombosislb,
	title = {Thrombosis modeling in intracranial aneurysms: a lattice Boltzmann numerical algorithm},
	author = {R. Ouared and B. Chopard and B. Stahl and D. A. Rüfenacht and H. Yilmaz and G. Courbebaisse},
	year = {2008},
	journal = {Computer Physics Communications},
	volume = {179},
	pages = {128-131},
}

% @comment{biomechtextbook,
% 	author = {Y. C. Fung},
% 	title = {Biomechanics : Mechanical Properties of Living Tissues},
% 	publisher = {Springer New York},
% 	year = {2003},
% }

@article{spatialavethm,
        author = {Whitaker, Stephen},
        year = {1985},
        pages = {18-21, 50-52},
        title = {A Simple Geometrical Derivation of the Spatial Averaging Theorem},
        volume = {Winter},
        journal = {Chemical Engineering Education}
}

@article{whitakerdiffusion,
        author = {Stephen Whitaker},
        year = {1967},
        pages = {420-427},
        title = {Diffusion and Dispersion in Porous Media},
        volume = {13},
        number = {3},
        journal = {AIChE Journal}
}

@article{Zou_1997,
	year = 1997,
	publisher = {{AIP} Publishing},
	volume = {9},
	number = {6},
	pages = {1591--1598},
	author = {Qisu Zou and Xiaoyi He},
	title = {On pressure and velocity boundary conditions for the lattice Boltzmann {BGK} model},
	journal = {Physics of Fluids}
}

@article{guoetal,
        title = {Discrete lattice effects on the forcing term in the lattice Boltzmann method},
        author = {Guo, Zhaoli and Zheng, Chuguang and Shi, Baochang},
        journal = {Physical Review E},
        volume = {65},
        % issue = {4},
        number = {046308},
        % numpages = {6},
        year = {2002},
}

@phdthesis{mp,
        title = {Immersed boundary model for the simulation of fluid flows in interaction with moving porous structures},
        author = {Marianna Pepona},
        school = {Aix Marseille Universit{\'{e}}},
        year = {2016},
}

@phdthesis{lbfund,
        title = {The lattice Boltzmann method: Fundamentals and acoustics},
        author = {Erlend Magnus Viggen},
        school = {Norwegian University of Science and Technology (NTNU), Trondheim},
        year = {2014},
}

@phdthesis{homogenization,
    title = {Homogenized-based modeling of flows over and through poroelastic media},
    author = {Giuseppe Antonio Zampogna},
    school = {Universit{\`{a}} degli Studi di Genova},
    year = {2016},
}

@unpublished{fmnotes,
        title = {MATH3101 Fluid Mechanics - Epiphany Term 2022},
        author = {Anthony Yeates},
        note = {Lecture notes for the module MATH3101 (2021-2022) at Durham University},
}

@article{ergun,
        author = {Sabri Ergun},
        year = {1952},
        pages = {89-94},
        title = {Fluid flow through packed columns},
        volume = {48},
        number = {2},
        journal = {Chemical Engineering Progress}
}

@article{liquidkin,
        author = {Born, Max  and Green, H. S. },
        title = {A general kinetic theory of liquids I. The molecular distribution functions},
        journal = {Proceedings of the Royal Society of London. Series A. Mathematical and Physical Sciences},
        volume = {188},
        number = {1012},
        pages = {10-18},
        year = {1946},
}

@inbook{reynblood,
        title = {Chapter 14 - Biomedical Transport Processes},
        editor = {John D. Enderle and Joseph D. Bronzino},
        booktitle = {Introduction to Biomedical Engineering (Third Edition)},
        % publisher = {Academic Press},
        % edition = {Third Edition},
        % address = {Boston},
        pages = {937-993},
        year = {2012},
        series = {Biomedical Engineering},
        author = {Gerald E. Miller}
}

@article{Morales2011,
	author = {H.G. Morales and M. Kim and E.E. Vivas and M.-C. Villa-Uriol and I. Larrabide and T. Sola and L. Guimaraens and A.F. Frangi},
	title = {How Do Coil Configuration and Packing Density Influence Intra-Aneurysmal Hemodynamics?},
	volume = {32},
	number = {10},
	pages = {1935--1941},
	year = {2011},
	publisher = {American Journal of Neuroradiology},
	journal = {American Journal of Neuroradiology}
 }

 @article{MORALES2013,
        title = {Newtonian and non-Newtonian blood flow in coiled cerebral aneurysms},
        journal = {Journal of Biomechanics},
        volume = {46},
        number = {13},
        pages = {2158-2164},
        year = {2013},
        author = {Hernán G. Morales and Ignacio Larrabide and Arjan J. Geers and Martha L. Aguilar and Alejandro F. Frangi},
}

@article{AFROUZI2020,
        title = {Simulation of blood flow in arteries with aneurysm: Lattice Boltzmann Approach (LBM)},
        journal = {Computer Methods and Programs in Biomedicine},
        volume = {187},
        pages = {105312},
        year = {2020},
        author = {Hamid Hassanzadeh Afrouzi and Majid Ahmadian and Mirollah Hosseini and Hossein Arasteh and Davood Toghraie and Sara Rostami},
}

@article{effectstentporosity,
        author = {Kim, Young Ho and Xu, X. and Lee, Joon},
        year = {2010},
        pages = {2274-2292},
        title = {The Effect of Stent Porosity and Strut Shape on Saccular Aneurysm and its Numerical Analysis with Lattice Boltzmann Method},
        volume = {38},
        journal = {Annals of biomedical engineering},
}

@article{ZAVODSZKY2013,
        title = {Validation of a lattice Boltzmann method implementation for a 3D transient fluid flow in an intracranial aneurysm geometry},
        journal = {International Journal of Heat and Fluid Flow},
        volume = {44},
        pages = {276-283},
        year = {2013},
        author = {Gábor Závodszky and György Paál},
}

@phdthesis{nanofluids,
        title = {The numerical investigations of the rheological behaviors of nanofluids and blood flow},
        author = {Kim, Yong Hyun},
        school = {Wayne State University},
        year = {2008},
}

@article{UTTER2007,
        title = {Numerical simulation of saccular aneurysm hemodynamics: Influence of morphology on rupture risk},
        journal = {Journal of Biomechanics},
        volume = {40},
        number = {12},
        pages = {2716-2722},
        year = {2007},
        author = {Brent Utter and Jenn Stroud Rossmann},
}

@article{GOYEAU2003,
        title = {Momentum transport at a fluid–porous interface},
        journal = {International Journal of Heat and Mass Transfer},
        volume = {46},
        number = {21},
        pages = {4071-4081},
        year = {2003},
        author = {B. Goyeau and D. Lhuillier and D. Gobin and M.G. Velarde},
}

@article{hemocoil,
        author = {Ahmed, Shakil and Sutalo, Ilija and Kavnoudias, Helen and Madan, Anoop},
        year = {2011},
        pages = {329-340},
        title = {Numerical Investigation of Hemodynamics of Lateral Cerebral Aneurysm Following Coil Embolization},
        volume = {5},
        journal = {Engineering Applications of Computational Fluid Mechanics},
}

@article{fang2002,
        title = {Lattice Boltzmann method for simulating the viscous flow in large distensible blood vessels},
        author = {Fang, Haiping and Wang, Zuowei and Lin, Zhifang and Liu, Muren},
        journal = {Phys. Rev. E},
        volume = {65},
        year = {2002},
        publisher = {American Physical Society},
        number = {051925}
}

@InProceedings{artoli2002,
        author={Artoli, A. M. and Hoekstra, A. G. and Sloot, P. M. A.},
        title={Accuracy of 2D Pulsatile Flow in the Lattice Boltzmann BGK Method},
        booktitle={Computational Science --- ICCS 2002},
        year={2002},
        publisher={Springer Berlin Heidelberg},
        pages={361--370},
}

@ARTICLE{2020NumPy-Array,
        author  = {Harris, Charles R. and Millman, K. Jarrod and van der Walt, Stéfan J and Gommers, Ralf and Virtanen, Pauli and Cournapeau, David and Wieser, Eric and Taylor, Julian and Berg, Sebastian and Smith, Nathaniel J. and Kern, Robert and Picus, Matti and Hoyer, Stephan and van Kerkwijk, Marten H. and Brett, Matthew and Haldane, Allan and Fernández del Río, Jaime and Wiebe, Mark and Peterson, Pearu and Gérard-Marchant, Pierre and Sheppard, Kevin and Reddy, Tyler and Weckesser, Warren and Abbasi, Hameer and Gohlke, Christoph and Oliphant, Travis E.},
        title   = {Array programming with {NumPy}},
        journal = {Nature},
        year    = {2020},
        volume  = {585},
        pages   = {357–362},
}

@article{hunter2007matplotlib,
        title={Matplotlib: A 2D graphics environment},
        author={Hunter, John D},
        journal={Computing in science \& engineering},
        volume={9},
        number={3},
        pages={90--95},
        year={2007},
        publisher={IEEE}
}

@article{bgk,
  title = {A Model for Collision Processes in Gases. I. Small Amplitude Processes in Charged and Neutral One-Component Systems},
  author = {Bhatnagar, P. L. and Gross, E. P. and Krook, M.},
  journal = {Phys. Rev.},
  volume = {94},
  pages = {511--525},
  year = {1954},
  publisher = {American Physical Society},
}

@article{HARITI2020,
title = {Modelling of fluid flow in porous media and filtering water process: Langevin dynamics and Darcy’s law based approach},
journal = {Materials Today: Proceedings},
volume = {30},
pages = {870-875},
year = {2020},
note = {International Conference on Renewable Energy and Applications (ICREA 19)},
author = {Yassine Hariti and Younes Hajji and Ahmed Hader and Hamza Faraji and Yahia Boughaleb and Mustapha Faraji and Dennoun Saifaoui},
}

@incollection{BALHOFF202293,
title = {Chapter 4 - Multidimensional reservoir domains, the control volume approach, and heterogeneities},
editor = {Matthew Balhoff},
series = {Developments in Petroleum Science},
publisher = {Elsevier},
volume = {75},
pages = {93-126},
year = {2022},
booktitle = {An Introduction to Multiphase, Multicomponent Reservoir Simulation},
author = {Matthew Balhoff},
}

% @inproceedings{darcyeng,
% author = {Bobeck, Patricia},
% year = {2003},
% month = {06},
% pages = {37-50},
% title = {The Public Fountains of the City of Dijon by Henry Darcy},
% }

@article{imaging,
author = {Laurent Pierot  and Ajay K. Wakhloo },
title = {Endovascular Treatment of Intracranial Aneurysms},
journal = {Stroke},
volume = {44},
number = {7},
pages = {2046-2054},
year = {2013},
}

@ARTICLE{v&v,
  author={},
  journal={IEEE Std 610.12-1990}, 
  title={IEEE Standard Glossary of Software Engineering Terminology}, 
  year={1990},
  volume={},
  number={},
  pages={1-84},
}


@ARTICLE{kakalis2008,
  author={Kakalis, Nikolaos M. P. and Mitsos, Aristotelis P. and Byrne, James V. and Ventikos, Yiannis},
  journal={IEEE Transactions on Medical Imaging}, 
  title={The Haemodynamics of Endovascular Aneurysm Treatment: A Computational Modelling Approach for Estimating the Influence of Multiple Coil Deployment}, 
  year={2008},
  volume={27},
  number={6},
  pages={814-824},
  }

@article{BYUN2004,
title = {CFD modeling of blood flow following coil embolization of aneurysms},
journal = {Medical Engineering \& Physics},
volume = {26},
number = {9},
pages = {755-761},
year = {2004},
author = {Hong Sik Byun and Kyehan Rhee},
}